%YAML 1.1
%TAG !u! tag:unity3d.com,2011:
--- !u!1 &19146118340494746
GameObject:
  m_ObjectHideFlags: 0
  m_CorrespondingSourceObject: {fileID: 0}
  m_PrefabInstance: {fileID: 0}
  m_PrefabAsset: {fileID: 0}
  serializedVersion: 6
  m_Component:
  - component: {fileID: 1958705520669516573}
  m_Layer: 0
  m_Name: Bip001 L Clavicle
  m_TagString: Untagged
  m_Icon: {fileID: 0}
  m_NavMeshLayer: 0
  m_StaticEditorFlags: 0
  m_IsActive: 1
--- !u!4 &1958705520669516573
Transform:
  m_ObjectHideFlags: 0
  m_CorrespondingSourceObject: {fileID: 0}
  m_PrefabInstance: {fileID: 0}
  m_PrefabAsset: {fileID: 0}
  m_GameObject: {fileID: 19146118340494746}
  m_LocalRotation: {x: 0.7071077, y: 0.00028134062, z: -0.70710576, w: 0.0002813414}
  m_LocalPosition: {x: 0.028796539, y: 0.0001141618, z: 0.058629796}
  m_LocalScale: {x: 1, y: 1, z: 1}
  m_Children:
  - {fileID: 281516896968837069}
  m_Father: {fileID: 7525836882767230519}
  m_RootOrder: 1
  m_LocalEulerAnglesHint: {x: 0, y: 0, z: 0}
--- !u!1 &826580030029531686
GameObject:
  m_ObjectHideFlags: 0
  m_CorrespondingSourceObject: {fileID: 0}
  m_PrefabInstance: {fileID: 0}
  m_PrefabAsset: {fileID: 0}
  serializedVersion: 6
  m_Component:
  - component: {fileID: 4490659801319987516}
  m_Layer: 0
  m_Name: Bip001 L Forearm
  m_TagString: Untagged
  m_Icon: {fileID: 0}
  m_NavMeshLayer: 0
  m_StaticEditorFlags: 0
  m_IsActive: 1
--- !u!4 &4490659801319987516
Transform:
  m_ObjectHideFlags: 0
  m_CorrespondingSourceObject: {fileID: 0}
  m_PrefabInstance: {fileID: 0}
  m_PrefabAsset: {fileID: 0}
  m_GameObject: {fileID: 826580030029531686}
  m_LocalRotation: {x: 9.815941e-10, y: 0.000000014985007, z: 0.058909256, w: 0.99826336}
  m_LocalPosition: {x: -0.2194627, y: -0.0000000035762788, z: 0.00000007629395}
  m_LocalScale: {x: 1, y: 0.9999999, z: 1}
  m_Children:
  - {fileID: 3220854762045689738}
  m_Father: {fileID: 281516896968837069}
  m_RootOrder: 0
  m_LocalEulerAnglesHint: {x: 0, y: 0, z: 0}
--- !u!1 &899880739573729649
GameObject:
  m_ObjectHideFlags: 0
  m_CorrespondingSourceObject: {fileID: 0}
  m_PrefabInstance: {fileID: 0}
  m_PrefabAsset: {fileID: 0}
  serializedVersion: 6
  m_Component:
  - component: {fileID: 20208655522274857}
  m_Layer: 0
  m_Name: Bip001 L Calf
  m_TagString: Untagged
  m_Icon: {fileID: 0}
  m_NavMeshLayer: 0
  m_StaticEditorFlags: 0
  m_IsActive: 1
--- !u!4 &20208655522274857
Transform:
  m_ObjectHideFlags: 0
  m_CorrespondingSourceObject: {fileID: 0}
  m_PrefabInstance: {fileID: 0}
  m_PrefabAsset: {fileID: 0}
  m_GameObject: {fileID: 899880739573729649}
  m_LocalRotation: {x: -4.6427973e-10, y: -3.5844588e-11, z: 0.07697566, w: 0.997033}
  m_LocalPosition: {x: -0.2667302, y: 0, z: 0}
  m_LocalScale: {x: 0.9999999, y: 0.9999999, z: 1}
  m_Children:
  - {fileID: 5475871602046804490}
  m_Father: {fileID: 4535798469795079665}
  m_RootOrder: 0
  m_LocalEulerAnglesHint: {x: 0, y: 0, z: 0}
--- !u!1 &1213548425209282387
GameObject:
  m_ObjectHideFlags: 0
  m_CorrespondingSourceObject: {fileID: 0}
  m_PrefabInstance: {fileID: 0}
  m_PrefabAsset: {fileID: 0}
  serializedVersion: 6
  m_Component:
  - component: {fileID: 5424428320637097896}
  m_Layer: 0
  m_Name: Bip001 R Toe0
  m_TagString: Untagged
  m_Icon: {fileID: 0}
  m_NavMeshLayer: 0
  m_StaticEditorFlags: 0
  m_IsActive: 1
--- !u!4 &5424428320637097896
Transform:
  m_ObjectHideFlags: 0
  m_CorrespondingSourceObject: {fileID: 0}
  m_PrefabInstance: {fileID: 0}
  m_PrefabAsset: {fileID: 0}
  m_GameObject: {fileID: 1213548425209282387}
  m_LocalRotation: {x: -0.000000015454312, y: 0.000000015454312, z: -0.7071068, w: 0.7071068}
  m_LocalPosition: {x: -0.12151709, y: 0.1175453, z: 0}
  m_LocalScale: {x: 0.9999999, y: 1, z: 0.9999999}
  m_Children:
  - {fileID: 902778867113340762}
  m_Father: {fileID: 2060485167509260948}
  m_RootOrder: 0
  m_LocalEulerAnglesHint: {x: 0, y: 0, z: 0}
--- !u!1 &1350855841635659135
GameObject:
  m_ObjectHideFlags: 0
  m_CorrespondingSourceObject: {fileID: 0}
  m_PrefabInstance: {fileID: 0}
  m_PrefabAsset: {fileID: 0}
  serializedVersion: 6
  m_Component:
  - component: {fileID: 902778867113340762}
  m_Layer: 0
  m_Name: Bip001 R Toe0Nub
  m_TagString: Untagged
  m_Icon: {fileID: 0}
  m_NavMeshLayer: 0
  m_StaticEditorFlags: 0
  m_IsActive: 1
--- !u!4 &902778867113340762
Transform:
  m_ObjectHideFlags: 0
  m_CorrespondingSourceObject: {fileID: 0}
  m_PrefabInstance: {fileID: 0}
  m_PrefabAsset: {fileID: 0}
  m_GameObject: {fileID: 1350855841635659135}
  m_LocalRotation: {x: 1.6970279e-30, y: -9.553418e-16, z: 1.7763568e-15, w: 1}
  m_LocalPosition: {x: -0.01997058, y: 0, z: 0}
  m_LocalScale: {x: 0.9999999, y: 1, z: 0.9999999}
  m_Children: []
  m_Father: {fileID: 5424428320637097896}
  m_RootOrder: 0
  m_LocalEulerAnglesHint: {x: 0, y: 0, z: 0}
--- !u!1 &1698838330114987698
GameObject:
  m_ObjectHideFlags: 0
  m_CorrespondingSourceObject: {fileID: 0}
  m_PrefabInstance: {fileID: 0}
  m_PrefabAsset: {fileID: 0}
  serializedVersion: 6
  m_Component:
  - component: {fileID: 8841682608125964388}
  m_Layer: 0
  m_Name: Bip001 Spine1
  m_TagString: Untagged
  m_Icon: {fileID: 0}
  m_NavMeshLayer: 0
  m_StaticEditorFlags: 0
  m_IsActive: 1
--- !u!4 &8841682608125964388
Transform:
  m_ObjectHideFlags: 0
  m_CorrespondingSourceObject: {fileID: 0}
  m_PrefabInstance: {fileID: 0}
  m_PrefabAsset: {fileID: 0}
  m_GameObject: {fileID: 1698838330114987698}
  m_LocalRotation: {x: -3.0117673e-14, y: 0, z: -0, w: 1}
  m_LocalPosition: {x: -0.23714839, y: -0.00014590159, z: -4.046726e-10}
  m_LocalScale: {x: 1, y: 1, z: 1}
  m_Children:
  - {fileID: 7525836882767230519}
  m_Father: {fileID: 8623235368846891303}
  m_RootOrder: 2
  m_LocalEulerAnglesHint: {x: 0, y: 0, z: 0}
--- !u!1 &1845788291083688679
GameObject:
  m_ObjectHideFlags: 0
  m_CorrespondingSourceObject: {fileID: 0}
  m_PrefabInstance: {fileID: 0}
  m_PrefabAsset: {fileID: 0}
  serializedVersion: 6
  m_Component:
  - component: {fileID: 1540714150032485260}
  m_Layer: 0
  m_Name: Bip001 HeadNub
  m_TagString: Untagged
  m_Icon: {fileID: 0}
  m_NavMeshLayer: 0
  m_StaticEditorFlags: 0
  m_IsActive: 1
--- !u!4 &1540714150032485260
Transform:
  m_ObjectHideFlags: 0
  m_CorrespondingSourceObject: {fileID: 0}
  m_PrefabInstance: {fileID: 0}
  m_PrefabAsset: {fileID: 0}
  m_GameObject: {fileID: 1845788291083688679}
  m_LocalRotation: {x: -4.1174657e-20, y: -3.3881318e-21, z: -1.39505e-40, w: 1}
  m_LocalPosition: {x: -0.6226015, y: -2.910383e-13, z: -2.602085e-20}
  m_LocalScale: {x: 1, y: 0.9999999, z: 0.9999999}
  m_Children: []
  m_Father: {fileID: 6097446407694213441}
  m_RootOrder: 0
  m_LocalEulerAnglesHint: {x: 0, y: 0, z: 0}
--- !u!1 &1880516452805736067
GameObject:
  m_ObjectHideFlags: 0
  m_CorrespondingSourceObject: {fileID: 0}
  m_PrefabInstance: {fileID: 0}
  m_PrefabAsset: {fileID: 0}
  serializedVersion: 6
  m_Component:
  - component: {fileID: 7951949421526966811}
  m_Layer: 0
  m_Name: Bip001 R Clavicle
  m_TagString: Untagged
  m_Icon: {fileID: 0}
  m_NavMeshLayer: 0
  m_StaticEditorFlags: 0
  m_IsActive: 1
--- !u!4 &7951949421526966811
Transform:
  m_ObjectHideFlags: 0
  m_CorrespondingSourceObject: {fileID: 0}
  m_PrefabInstance: {fileID: 0}
  m_PrefabAsset: {fileID: 0}
  m_GameObject: {fileID: 1880516452805736067}
  m_LocalRotation: {x: 0.7071077, y: 0.00028134062, z: 0.70710576, w: -0.0002813414}
  m_LocalPosition: {x: 0.028796539, y: 0.000114487, z: -0.058629796}
  m_LocalScale: {x: 1, y: 1, z: 1}
  m_Children:
  - {fileID: 8420980932998124838}
  m_Father: {fileID: 7525836882767230519}
  m_RootOrder: 2
  m_LocalEulerAnglesHint: {x: 0, y: 0, z: 0}
--- !u!1 &2257351269911741027
GameObject:
  m_ObjectHideFlags: 0
  m_CorrespondingSourceObject: {fileID: 0}
  m_PrefabInstance: {fileID: 0}
  m_PrefabAsset: {fileID: 0}
  serializedVersion: 6
  m_Component:
  - component: {fileID: 2060485167509260948}
  m_Layer: 0
  m_Name: Bip001 R Foot
  m_TagString: Untagged
  m_Icon: {fileID: 0}
  m_NavMeshLayer: 0
  m_StaticEditorFlags: 0
  m_IsActive: 1
--- !u!4 &2060485167509260948
Transform:
  m_ObjectHideFlags: 0
  m_CorrespondingSourceObject: {fileID: 0}
  m_PrefabInstance: {fileID: 0}
  m_PrefabAsset: {fileID: 0}
  m_GameObject: {fileID: 2257351269911741027}
  m_LocalRotation: {x: 0.0016650793, y: 0.03142599, z: -0.036622982, w: 0.99883354}
  m_LocalPosition: {x: -0.1922302, y: 0.000000001788139, z: 0.000000009536743}
  m_LocalScale: {x: 1, y: 1, z: 1}
  m_Children:
  - {fileID: 5424428320637097896}
  m_Father: {fileID: 8439304162313383379}
  m_RootOrder: 0
  m_LocalEulerAnglesHint: {x: 0, y: 0, z: 0}
--- !u!1 &2508210087052374500
GameObject:
  m_ObjectHideFlags: 0
  m_CorrespondingSourceObject: {fileID: 0}
  m_PrefabInstance: {fileID: 0}
  m_PrefabAsset: {fileID: 0}
  serializedVersion: 6
  m_Component:
  - component: {fileID: 4993802348846550375}
  m_Layer: 0
  m_Name: Bip001 R Hand
  m_TagString: Untagged
  m_Icon: {fileID: 0}
  m_NavMeshLayer: 0
  m_StaticEditorFlags: 0
  m_IsActive: 1
--- !u!4 &4993802348846550375
Transform:
  m_ObjectHideFlags: 0
  m_CorrespondingSourceObject: {fileID: 0}
  m_PrefabInstance: {fileID: 0}
  m_PrefabAsset: {fileID: 0}
  m_GameObject: {fileID: 2508210087052374500}
  m_LocalRotation: {x: 0.7068252, y: -0, z: -0, w: 0.7073883}
  m_LocalPosition: {x: -0.1605991, y: 0, z: 0}
  m_LocalScale: {x: 1, y: 1, z: 1}
  m_Children:
  - {fileID: 3762370512889263454}
  m_Father: {fileID: 2017279136793131401}
  m_RootOrder: 0
  m_LocalEulerAnglesHint: {x: 0, y: 0, z: 0}
--- !u!1 &2514551991204428152
GameObject:
  m_ObjectHideFlags: 0
  m_CorrespondingSourceObject: {fileID: 0}
  m_PrefabInstance: {fileID: 0}
  m_PrefabAsset: {fileID: 0}
  serializedVersion: 6
  m_Component:
  - component: {fileID: 7155941095034554121}
  m_Layer: 0
  m_Name: Bip001 Pelvis
  m_TagString: Untagged
  m_Icon: {fileID: 0}
  m_NavMeshLayer: 0
  m_StaticEditorFlags: 0
  m_IsActive: 1
--- !u!4 &7155941095034554121
Transform:
  m_ObjectHideFlags: 0
  m_CorrespondingSourceObject: {fileID: 0}
  m_PrefabInstance: {fileID: 0}
  m_PrefabAsset: {fileID: 0}
  m_GameObject: {fileID: 2514551991204428152}
  m_LocalRotation: {x: -0.5, y: 0.5, z: 0.49999934, w: 0.50000066}
  m_LocalPosition: {x: -0, y: 0, z: 0}
  m_LocalScale: {x: 1, y: 0.9999999, z: 0.9999999}
  m_Children:
  - {fileID: 8623235368846891303}
  m_Father: {fileID: 8090772892179592041}
  m_RootOrder: 1
  m_LocalEulerAnglesHint: {x: 0, y: 0, z: 0}
--- !u!1 &2820030404352095228
GameObject:
  m_ObjectHideFlags: 0
  m_CorrespondingSourceObject: {fileID: 0}
  m_PrefabInstance: {fileID: 0}
  m_PrefabAsset: {fileID: 0}
  serializedVersion: 6
  m_Component:
  - component: {fileID: 5475871602046804490}
  m_Layer: 0
  m_Name: Bip001 L Foot
  m_TagString: Untagged
  m_Icon: {fileID: 0}
  m_NavMeshLayer: 0
  m_StaticEditorFlags: 0
  m_IsActive: 1
--- !u!4 &5475871602046804490
Transform:
  m_ObjectHideFlags: 0
  m_CorrespondingSourceObject: {fileID: 0}
  m_PrefabInstance: {fileID: 0}
  m_PrefabAsset: {fileID: 0}
  m_GameObject: {fileID: 2820030404352095228}
  m_LocalRotation: {x: -0.0016650824, y: -0.03142608, z: -0.036622975, w: 0.99883354}
  m_LocalPosition: {x: -0.1922303, y: -0.0000000035762788, z: -0.000000009536743}
  m_LocalScale: {x: 1, y: 1, z: 1}
  m_Children:
  - {fileID: 3589362353732823069}
  m_Father: {fileID: 20208655522274857}
  m_RootOrder: 0
  m_LocalEulerAnglesHint: {x: 0, y: 0, z: 0}
--- !u!1 &2862335668910025009
GameObject:
  m_ObjectHideFlags: 0
  m_CorrespondingSourceObject: {fileID: 0}
  m_PrefabInstance: {fileID: 0}
  m_PrefabAsset: {fileID: 0}
  serializedVersion: 6
  m_Component:
  - component: {fileID: 4696107826773467775}
  m_Layer: 0
  m_Name: Bip001 R Thigh
  m_TagString: Untagged
  m_Icon: {fileID: 0}
  m_NavMeshLayer: 0
  m_StaticEditorFlags: 0
  m_IsActive: 1
--- !u!4 &4696107826773467775
Transform:
  m_ObjectHideFlags: 0
  m_CorrespondingSourceObject: {fileID: 0}
  m_PrefabInstance: {fileID: 0}
  m_PrefabAsset: {fileID: 0}
  m_GameObject: {fileID: 2862335668910025009}
  m_LocalRotation: {x: -0.040769152, y: 0.9986729, z: -0.0007449863, w: 0.03146133}
  m_LocalPosition: {x: 0.1531076, y: 0.00031120548, z: -0.1638878}
  m_LocalScale: {x: 1, y: 1, z: 1}
  m_Children:
  - {fileID: 8439304162313383379}
  m_Father: {fileID: 8623235368846891303}
  m_RootOrder: 1
  m_LocalEulerAnglesHint: {x: 0, y: 0, z: 0}
--- !u!1 &2947623371961570783
GameObject:
  m_ObjectHideFlags: 0
  m_CorrespondingSourceObject: {fileID: 0}
  m_PrefabInstance: {fileID: 0}
  m_PrefabAsset: {fileID: 0}
  serializedVersion: 6
  m_Component:
  - component: {fileID: 2903261603384414840}
  m_Layer: 0
  m_Name: Bip001 L Toe0Nub
  m_TagString: Untagged
  m_Icon: {fileID: 0}
  m_NavMeshLayer: 0
  m_StaticEditorFlags: 0
  m_IsActive: 1
--- !u!4 &2903261603384414840
Transform:
  m_ObjectHideFlags: 0
  m_CorrespondingSourceObject: {fileID: 0}
  m_PrefabInstance: {fileID: 0}
  m_PrefabAsset: {fileID: 0}
  m_GameObject: {fileID: 2947623371961570783}
  m_LocalRotation: {x: 9.553443e-16, y: 5.849797e-32, z: 1, w: -6.123234e-17}
  m_LocalPosition: {x: -0.01997058, y: 0, z: 0}
  m_LocalScale: {x: -0.9999999, y: -1, z: -0.9999999}
  m_Children: []
  m_Father: {fileID: 3589362353732823069}
  m_RootOrder: 0
  m_LocalEulerAnglesHint: {x: 0, y: 0, z: 0}
--- !u!1 &3209326964209474600
GameObject:
  m_ObjectHideFlags: 0
  m_CorrespondingSourceObject: {fileID: 0}
  m_PrefabInstance: {fileID: 0}
  m_PrefabAsset: {fileID: 0}
  serializedVersion: 6
  m_Component:
  - component: {fileID: 3589362353732823069}
  m_Layer: 0
  m_Name: Bip001 L Toe0
  m_TagString: Untagged
  m_Icon: {fileID: 0}
  m_NavMeshLayer: 0
  m_StaticEditorFlags: 0
  m_IsActive: 1
--- !u!4 &3589362353732823069
Transform:
  m_ObjectHideFlags: 0
  m_CorrespondingSourceObject: {fileID: 0}
  m_PrefabInstance: {fileID: 0}
  m_PrefabAsset: {fileID: 0}
  m_GameObject: {fileID: 3209326964209474600}
  m_LocalRotation: {x: 0.000000015454312, y: -0.000000015454312, z: -0.7071068, w: 0.7071068}
  m_LocalPosition: {x: -0.12151709, y: 0.1175453, z: 0}
  m_LocalScale: {x: 0.9999999, y: 1, z: 0.9999999}
  m_Children:
  - {fileID: 2903261603384414840}
  m_Father: {fileID: 5475871602046804490}
  m_RootOrder: 0
  m_LocalEulerAnglesHint: {x: 0, y: 0, z: 0}
--- !u!1 &3330174451005527957
GameObject:
  m_ObjectHideFlags: 0
  m_CorrespondingSourceObject: {fileID: 0}
  m_PrefabInstance: {fileID: 0}
  m_PrefabAsset: {fileID: 0}
  serializedVersion: 6
  m_Component:
  - component: {fileID: 4535798469795079665}
  m_Layer: 0
  m_Name: Bip001 L Thigh
  m_TagString: Untagged
  m_Icon: {fileID: 0}
  m_NavMeshLayer: 0
  m_StaticEditorFlags: 0
  m_IsActive: 1
--- !u!4 &4535798469795079665
Transform:
  m_ObjectHideFlags: 0
  m_CorrespondingSourceObject: {fileID: 0}
  m_PrefabInstance: {fileID: 0}
  m_PrefabAsset: {fileID: 0}
  m_GameObject: {fileID: 3330174451005527957}
  m_LocalRotation: {x: -0.040769193, y: 0.9986729, z: 0.00074777537, w: -0.031461444}
  m_LocalPosition: {x: 0.1531076, y: 0.0003102964, z: 0.1638878}
  m_LocalScale: {x: 1, y: 1, z: 1}
  m_Children:
  - {fileID: 20208655522274857}
  m_Father: {fileID: 8623235368846891303}
  m_RootOrder: 0
  m_LocalEulerAnglesHint: {x: 0, y: 0, z: 0}
--- !u!1 &4614639800982307204
GameObject:
  m_ObjectHideFlags: 0
  m_CorrespondingSourceObject: {fileID: 0}
  m_PrefabInstance: {fileID: 0}
  m_PrefabAsset: {fileID: 0}
  serializedVersion: 6
  m_Component:
  - component: {fileID: 8439304162313383379}
  m_Layer: 0
  m_Name: Bip001 R Calf
  m_TagString: Untagged
  m_Icon: {fileID: 0}
  m_NavMeshLayer: 0
  m_StaticEditorFlags: 0
  m_IsActive: 1
--- !u!4 &8439304162313383379
Transform:
  m_ObjectHideFlags: 0
  m_CorrespondingSourceObject: {fileID: 0}
  m_PrefabInstance: {fileID: 0}
  m_PrefabAsset: {fileID: 0}
  m_GameObject: {fileID: 4614639800982307204}
  m_LocalRotation: {x: 3.5504596e-10, y: 0.000000007500163, z: 0.07697566, w: 0.997033}
  m_LocalPosition: {x: -0.2667302, y: 0, z: 0}
  m_LocalScale: {x: 1, y: 1, z: 1}
  m_Children:
  - {fileID: 2060485167509260948}
  m_Father: {fileID: 4696107826773467775}
  m_RootOrder: 0
  m_LocalEulerAnglesHint: {x: 0, y: 0, z: 0}
--- !u!1 &4709369461582897434
GameObject:
  m_ObjectHideFlags: 0
  m_CorrespondingSourceObject: {fileID: 0}
  m_PrefabInstance: {fileID: 0}
  m_PrefabAsset: {fileID: 0}
  serializedVersion: 6
  m_Component:
  - component: {fileID: 8090772892179592041}
  m_Layer: 0
  m_Name: Bip001
  m_TagString: Untagged
  m_Icon: {fileID: 0}
  m_NavMeshLayer: 0
  m_StaticEditorFlags: 0
  m_IsActive: 1
--- !u!4 &8090772892179592041
Transform:
  m_ObjectHideFlags: 0
  m_CorrespondingSourceObject: {fileID: 0}
  m_PrefabInstance: {fileID: 0}
  m_PrefabAsset: {fileID: 0}
  m_GameObject: {fileID: 4709369461582897434}
  m_LocalRotation: {x: -0.50000036, y: 0.49999967, z: 0.49999967, w: 0.50000036}
  m_LocalPosition: {x: -0, y: 0.5802978, z: 0}
  m_LocalScale: {x: 0.9999999, y: 0.9999999, z: 1}
  m_Children:
  - {fileID: 2788603488646710053}
  - {fileID: 7155941095034554121}
  m_Father: {fileID: 8987922031183840863}
  m_RootOrder: 0
  m_LocalEulerAnglesHint: {x: 0, y: 0, z: 0}
--- !u!1 &5016802535378610723
GameObject:
  m_ObjectHideFlags: 0
  m_CorrespondingSourceObject: {fileID: 0}
  m_PrefabInstance: {fileID: 0}
  m_PrefabAsset: {fileID: 0}
  serializedVersion: 6
  m_Component:
  - component: {fileID: 2017279136793131401}
  m_Layer: 0
  m_Name: Bip001 R Forearm
  m_TagString: Untagged
  m_Icon: {fileID: 0}
  m_NavMeshLayer: 0
  m_StaticEditorFlags: 0
  m_IsActive: 1
--- !u!4 &2017279136793131401
Transform:
  m_ObjectHideFlags: 0
  m_CorrespondingSourceObject: {fileID: 0}
  m_PrefabInstance: {fileID: 0}
  m_PrefabAsset: {fileID: 0}
  m_GameObject: {fileID: 5016802535378610723}
  m_LocalRotation: {x: -0.000000005682009, y: -0.00000003018948, z: 0.058909256, w: 0.99826336}
  m_LocalPosition: {x: -0.2194628, y: 5.960464e-10, z: -0.00000007629395}
  m_LocalScale: {x: 0.9999999, y: 0.9999999, z: 0.9999999}
  m_Children:
  - {fileID: 4993802348846550375}
  m_Father: {fileID: 8420980932998124838}
  m_RootOrder: 0
  m_LocalEulerAnglesHint: {x: 0, y: 0, z: 0}
--- !u!1 &5088790869590699934
GameObject:
  m_ObjectHideFlags: 0
  m_CorrespondingSourceObject: {fileID: 0}
  m_PrefabInstance: {fileID: 0}
  m_PrefabAsset: {fileID: 0}
  serializedVersion: 6
  m_Component:
  - component: {fileID: 1395979501135723240}
  - component: {fileID: 8268313805318953729}
  m_Layer: 0
  m_Name: Sphere001
  m_TagString: Untagged
  m_Icon: {fileID: 0}
  m_NavMeshLayer: 0
  m_StaticEditorFlags: 0
  m_IsActive: 1
--- !u!4 &1395979501135723240
Transform:
  m_ObjectHideFlags: 0
  m_CorrespondingSourceObject: {fileID: 0}
  m_PrefabInstance: {fileID: 0}
  m_PrefabAsset: {fileID: 0}
  m_GameObject: {fileID: 5088790869590699934}
  m_LocalRotation: {x: -0.7071068, y: 0, z: -0, w: 0.7071068}
  m_LocalPosition: {x: -0, y: 0, z: -2.3531975e-20}
  m_LocalScale: {x: 1.260498, y: 1.260498, z: 1.260498}
  m_Children: []
  m_Father: {fileID: 8987922031183840863}
  m_RootOrder: 1
  m_LocalEulerAnglesHint: {x: 0, y: 0, z: 0}
--- !u!137 &8268313805318953729
SkinnedMeshRenderer:
  m_ObjectHideFlags: 0
  m_CorrespondingSourceObject: {fileID: 0}
  m_PrefabInstance: {fileID: 0}
  m_PrefabAsset: {fileID: 0}
  m_GameObject: {fileID: 5088790869590699934}
  m_Enabled: 1
  m_CastShadows: 1
  m_ReceiveShadows: 1
  m_DynamicOccludee: 1
  m_MotionVectors: 1
  m_LightProbeUsage: 1
  m_ReflectionProbeUsage: 1
  m_RayTracingMode: 3
  m_RayTraceProcedural: 0
  m_RenderingLayerMask: 1
  m_RendererPriority: 0
  m_Materials:
  - {fileID: 670224309865224971, guid: 2fc4f99b4f6c2964ba3cafe9e73df5c1, type: 3}
  m_StaticBatchInfo:
    firstSubMesh: 0
    subMeshCount: 0
  m_StaticBatchRoot: {fileID: 0}
  m_ProbeAnchor: {fileID: 0}
  m_LightProbeVolumeOverride: {fileID: 0}
  m_ScaleInLightmap: 1
  m_ReceiveGI: 1
  m_PreserveUVs: 0
  m_IgnoreNormalsForChartDetection: 0
  m_ImportantGI: 0
  m_StitchLightmapSeams: 1
  m_SelectedEditorRenderState: 3
  m_MinimumChartSize: 4
  m_AutoUVMaxDistance: 0.5
  m_AutoUVMaxAngle: 89
  m_LightmapParameters: {fileID: 0}
  m_SortingLayerID: 0
  m_SortingLayer: 0
  m_SortingOrder: 0
  serializedVersion: 2
  m_Quality: 0
  m_UpdateWhenOffscreen: 0
  m_SkinnedMotionVectors: 1
  m_Mesh: {fileID: 973877516759717424, guid: 2fc4f99b4f6c2964ba3cafe9e73df5c1, type: 3}
  m_Bones:
  - {fileID: 6097446407694213441}
  - {fileID: 8841682608125964388}
  - {fileID: 8623235368846891303}
  - {fileID: 7525836882767230519}
  - {fileID: 1958705520669516573}
  - {fileID: 281516896968837069}
  - {fileID: 7951949421526966811}
  - {fileID: 8420980932998124838}
  - {fileID: 8090772892179592041}
  - {fileID: 7155941095034554121}
  - {fileID: 4490659801319987516}
  - {fileID: 4535798469795079665}
  - {fileID: 20208655522274857}
  - {fileID: 8439304162313383379}
  - {fileID: 4696107826773467775}
  - {fileID: 2017279136793131401}
  - {fileID: 2060485167509260948}
  - {fileID: 5424428320637097896}
  - {fileID: 5475871602046804490}
  - {fileID: 3589362353732823069}
  - {fileID: 3762370512889263454}
  - {fileID: 4993802348846550375}
  - {fileID: 7464542221523339652}
  - {fileID: 3220854762045689738}
  m_BlendShapeWeights: []
  m_RootBone: {fileID: 8090772892179592041}
  m_AABB:
    m_Center: {x: -0.03800124, y: -0.0031996071, z: 0.5320795}
    m_Extent: {x: 0.37311348, y: 0.6725199, z: 1.1327965}
  m_DirtyAABB: 0
--- !u!1 &5171844473093369062
GameObject:
  m_ObjectHideFlags: 0
  m_CorrespondingSourceObject: {fileID: 0}
  m_PrefabInstance: {fileID: 0}
  m_PrefabAsset: {fileID: 0}
  serializedVersion: 6
  m_Component:
  - component: {fileID: 3220854762045689738}
  m_Layer: 0
  m_Name: Bip001 L Hand
  m_TagString: Untagged
  m_Icon: {fileID: 0}
  m_NavMeshLayer: 0
  m_StaticEditorFlags: 0
  m_IsActive: 1
--- !u!4 &3220854762045689738
Transform:
  m_ObjectHideFlags: 0
  m_CorrespondingSourceObject: {fileID: 0}
  m_PrefabInstance: {fileID: 0}
  m_PrefabAsset: {fileID: 0}
  m_GameObject: {fileID: 5171844473093369062}
  m_LocalRotation: {x: -0.7068252, y: 0.000000021081815, z: 0.000000021065036, w: 0.7073883}
  m_LocalPosition: {x: -0.1605991, y: 0.000000004768372, z: 0}
  m_LocalScale: {x: 1, y: 1, z: 1}
  m_Children:
  - {fileID: 7464542221523339652}
  m_Father: {fileID: 4490659801319987516}
  m_RootOrder: 0
  m_LocalEulerAnglesHint: {x: 0, y: 0, z: 0}
--- !u!1 &5259202518342117465
GameObject:
  m_ObjectHideFlags: 0
  m_CorrespondingSourceObject: {fileID: 0}
  m_PrefabInstance: {fileID: 0}
  m_PrefabAsset: {fileID: 0}
  serializedVersion: 6
  m_Component:
  - component: {fileID: 8623235368846891303}
  m_Layer: 0
  m_Name: Bip001 Spine
  m_TagString: Untagged
  m_Icon: {fileID: 0}
  m_NavMeshLayer: 0
  m_StaticEditorFlags: 0
  m_IsActive: 1
--- !u!4 &8623235368846891303
Transform:
  m_ObjectHideFlags: 0
  m_CorrespondingSourceObject: {fileID: 0}
  m_PrefabInstance: {fileID: 0}
  m_PrefabAsset: {fileID: 0}
  m_GameObject: {fileID: 5259202518342117465}
  m_LocalRotation: {x: -0.0000020804757, y: 0.00000069367604, z: -0.000398159, w: 0.99999994}
  m_LocalPosition: {x: -0.15310779, y: -0.0001888032, z: 0.00000021259169}
  m_LocalScale: {x: 1, y: 0.9999999, z: 0.9999999}
  m_Children:
  - {fileID: 4535798469795079665}
  - {fileID: 4696107826773467775}
  - {fileID: 8841682608125964388}
  m_Father: {fileID: 7155941095034554121}
  m_RootOrder: 0
  m_LocalEulerAnglesHint: {x: 0, y: 0, z: 0}
--- !u!1 &5410532682816594167
GameObject:
  m_ObjectHideFlags: 0
  m_CorrespondingSourceObject: {fileID: 0}
  m_PrefabInstance: {fileID: 0}
  m_PrefabAsset: {fileID: 0}
  serializedVersion: 6
  m_Component:
  - component: {fileID: 159254495936935140}
  m_Layer: 0
  m_Name: Bip001 R Finger0Nub
  m_TagString: Untagged
  m_Icon: {fileID: 0}
  m_NavMeshLayer: 0
  m_StaticEditorFlags: 0
  m_IsActive: 1
--- !u!4 &159254495936935140
Transform:
  m_ObjectHideFlags: 0
  m_CorrespondingSourceObject: {fileID: 0}
  m_PrefabInstance: {fileID: 0}
  m_PrefabAsset: {fileID: 0}
  m_GameObject: {fileID: 5410532682816594167}
  m_LocalRotation: {x: 0.00000000372529, y: -0.000000001862645, z: 1, w: 6.817123e-17}
  m_LocalPosition: {x: -0.041605428, y: 0, z: 0}
  m_LocalScale: {x: -1, y: -1, z: -1}
  m_Children: []
  m_Father: {fileID: 3762370512889263454}
  m_RootOrder: 0
  m_LocalEulerAnglesHint: {x: 0, y: 0, z: 0}
--- !u!1 &5785869982966249970
GameObject:
  m_ObjectHideFlags: 0
  m_CorrespondingSourceObject: {fileID: 0}
  m_PrefabInstance: {fileID: 0}
  m_PrefabAsset: {fileID: 0}
  serializedVersion: 6
  m_Component:
  - component: {fileID: 3762370512889263454}
  m_Layer: 0
  m_Name: Bip001 R Finger0
  m_TagString: Untagged
  m_Icon: {fileID: 0}
  m_NavMeshLayer: 0
  m_StaticEditorFlags: 0
  m_IsActive: 1
--- !u!4 &3762370512889263454
Transform:
  m_ObjectHideFlags: 0
  m_CorrespondingSourceObject: {fileID: 0}
  m_PrefabInstance: {fileID: 0}
  m_PrefabAsset: {fileID: 0}
  m_GameObject: {fileID: 5785869982966249970}
  m_LocalRotation: {x: 0.00039816284, y: 0.000000003731223, z: 0.0000000148996735, w: 0.99999994}
  m_LocalPosition: {x: -0.126316, y: 0, z: 0}
  m_LocalScale: {x: 1, y: 0.9999999, z: 0.9999999}
  m_Children:
  - {fileID: 159254495936935140}
  m_Father: {fileID: 4993802348846550375}
  m_RootOrder: 0
  m_LocalEulerAnglesHint: {x: 0, y: 0, z: 0}
--- !u!1 &5818451932687346036
GameObject:
  m_ObjectHideFlags: 0
  m_CorrespondingSourceObject: {fileID: 0}
  m_PrefabInstance: {fileID: 0}
  m_PrefabAsset: {fileID: 0}
  serializedVersion: 6
  m_Component:
  - component: {fileID: 1462257492568289857}
  m_Layer: 0
  m_Name: Bip001 L Finger0Nub
  m_TagString: Untagged
  m_Icon: {fileID: 0}
  m_NavMeshLayer: 0
  m_StaticEditorFlags: 0
  m_IsActive: 1
--- !u!4 &1462257492568289857
Transform:
  m_ObjectHideFlags: 0
  m_CorrespondingSourceObject: {fileID: 0}
  m_PrefabInstance: {fileID: 0}
  m_PrefabAsset: {fileID: 0}
  m_GameObject: {fileID: 5818451932687346036}
  m_LocalRotation: {x: 0, y: 0, z: 0.000000029802326, w: 1}
  m_LocalPosition: {x: -0.04160542, y: 0, z: -0.000000004768372}
  m_LocalScale: {x: 1, y: 1, z: 1}
  m_Children: []
  m_Father: {fileID: 7464542221523339652}
  m_RootOrder: 0
  m_LocalEulerAnglesHint: {x: 0, y: 0, z: 0}
--- !u!1 &5826977171622491625
GameObject:
  m_ObjectHideFlags: 0
  m_CorrespondingSourceObject: {fileID: 0}
  m_PrefabInstance: {fileID: 0}
  m_PrefabAsset: {fileID: 0}
  serializedVersion: 6
  m_Component:
  - component: {fileID: 8420980932998124838}
  m_Layer: 0
  m_Name: Bip001 R UpperArm
  m_TagString: Untagged
  m_Icon: {fileID: 0}
  m_NavMeshLayer: 0
  m_StaticEditorFlags: 0
  m_IsActive: 1
--- !u!4 &8420980932998124838
Transform:
  m_ObjectHideFlags: 0
  m_CorrespondingSourceObject: {fileID: 0}
  m_PrefabInstance: {fileID: 0}
  m_PrefabAsset: {fileID: 0}
  m_GameObject: {fileID: 5826977171622491625}
  m_LocalRotation: {x: 0.0087649515, y: 0.45679197, z: -0.027746737, w: 0.8890975}
  m_LocalPosition: {x: -0.1730783, y: 0, z: 0}
  m_LocalScale: {x: 1, y: 1, z: 1}
  m_Children:
  - {fileID: 2017279136793131401}
  m_Father: {fileID: 7951949421526966811}
  m_RootOrder: 0
  m_LocalEulerAnglesHint: {x: 0, y: 0, z: 0}
--- !u!1 &5843030063316756390
GameObject:
  m_ObjectHideFlags: 0
  m_CorrespondingSourceObject: {fileID: 0}
  m_PrefabInstance: {fileID: 0}
  m_PrefabAsset: {fileID: 0}
  serializedVersion: 6
  m_Component:
  - component: {fileID: 7525836882767230519}
  m_Layer: 0
  m_Name: Bip001 Neck
  m_TagString: Untagged
  m_Icon: {fileID: 0}
  m_NavMeshLayer: 0
  m_StaticEditorFlags: 0
  m_IsActive: 1
--- !u!4 &7525836882767230519
Transform:
  m_ObjectHideFlags: 0
  m_CorrespondingSourceObject: {fileID: 0}
  m_PrefabInstance: {fileID: 0}
  m_PrefabAsset: {fileID: 0}
  m_GameObject: {fileID: 5843030063316756390}
  m_LocalRotation: {x: -3.0117673e-14, y: 0, z: -0, w: 1}
  m_LocalPosition: {x: -0.2120269, y: -0.0001143245, z: -3.1709022e-10}
  m_LocalScale: {x: 1, y: 1, z: 1}
  m_Children:
  - {fileID: 6097446407694213441}
  - {fileID: 1958705520669516573}
  - {fileID: 7951949421526966811}
  m_Father: {fileID: 8841682608125964388}
  m_RootOrder: 0
  m_LocalEulerAnglesHint: {x: 0, y: 0, z: 0}
--- !u!1 &6315426620826713482
GameObject:
  m_ObjectHideFlags: 0
  m_CorrespondingSourceObject: {fileID: 0}
  m_PrefabInstance: {fileID: 0}
  m_PrefabAsset: {fileID: 0}
  serializedVersion: 6
  m_Component:
  - component: {fileID: 2788603488646710053}
  m_Layer: 0
  m_Name: Bip001 Footsteps
  m_TagString: Untagged
  m_Icon: {fileID: 0}
  m_NavMeshLayer: 0
  m_StaticEditorFlags: 0
  m_IsActive: 1
--- !u!4 &2788603488646710053
Transform:
  m_ObjectHideFlags: 0
  m_CorrespondingSourceObject: {fileID: 0}
  m_PrefabInstance: {fileID: 0}
  m_PrefabAsset: {fileID: 0}
  m_GameObject: {fileID: 6315426620826713482}
  m_LocalRotation: {x: 0, y: -0, z: -0.7071063, w: 0.70710725}
  m_LocalPosition: {x: -0, y: 0, z: -0.57818466}
  m_LocalScale: {x: 1, y: 1, z: 1}
  m_Children: []
  m_Father: {fileID: 8090772892179592041}
  m_RootOrder: 0
  m_LocalEulerAnglesHint: {x: 0, y: 0, z: 0}
--- !u!1 &6377119161469791948
GameObject:
  m_ObjectHideFlags: 0
  m_CorrespondingSourceObject: {fileID: 0}
  m_PrefabInstance: {fileID: 0}
  m_PrefabAsset: {fileID: 0}
  serializedVersion: 6
  m_Component:
  - component: {fileID: 281516896968837069}
  m_Layer: 0
  m_Name: Bip001 L UpperArm
  m_TagString: Untagged
  m_Icon: {fileID: 0}
  m_NavMeshLayer: 0
  m_StaticEditorFlags: 0
  m_IsActive: 1
--- !u!4 &281516896968837069
Transform:
  m_ObjectHideFlags: 0
  m_CorrespondingSourceObject: {fileID: 0}
  m_PrefabInstance: {fileID: 0}
  m_PrefabAsset: {fileID: 0}
  m_GameObject: {fileID: 6377119161469791948}
  m_LocalRotation: {x: -0.0087649515, y: -0.45679197, z: -0.027746737, w: 0.8890975}
  m_LocalPosition: {x: -0.1730783, y: -4.547474e-15, z: 0}
  m_LocalScale: {x: 1, y: 1, z: 1}
  m_Children:
  - {fileID: 4490659801319987516}
  m_Father: {fileID: 1958705520669516573}
  m_RootOrder: 0
  m_LocalEulerAnglesHint: {x: 0, y: 0, z: 0}
--- !u!1 &7464969908453397843
GameObject:
  m_ObjectHideFlags: 0
  m_CorrespondingSourceObject: {fileID: 0}
  m_PrefabInstance: {fileID: 0}
  m_PrefabAsset: {fileID: 0}
  serializedVersion: 6
  m_Component:
  - component: {fileID: 6097446407694213441}
  m_Layer: 0
  m_Name: Bip001 Head
  m_TagString: Untagged
  m_Icon: {fileID: 0}
  m_NavMeshLayer: 0
  m_StaticEditorFlags: 0
  m_IsActive: 1
--- !u!4 &6097446407694213441
Transform:
  m_ObjectHideFlags: 0
  m_CorrespondingSourceObject: {fileID: 0}
  m_PrefabInstance: {fileID: 0}
  m_PrefabAsset: {fileID: 0}
  m_GameObject: {fileID: 7464969908453397843}
  m_LocalRotation: {x: -7.265591e-14, y: -0.0000000011042735, z: 0.0003988306, w: 0.99999994}
  m_LocalPosition: {x: -0.1147776, y: 0, z: -2.842171e-16}
  m_LocalScale: {x: 1, y: 1, z: 1}
  m_Children:
  - {fileID: 1540714150032485260}
  m_Father: {fileID: 7525836882767230519}
  m_RootOrder: 0
  m_LocalEulerAnglesHint: {x: 0, y: 0, z: 0}
--- !u!1 &7868277856139506681
GameObject:
  m_ObjectHideFlags: 0
  m_CorrespondingSourceObject: {fileID: 0}
  m_PrefabInstance: {fileID: 0}
  m_PrefabAsset: {fileID: 0}
  serializedVersion: 6
  m_Component:
  - component: {fileID: 7464542221523339652}
  m_Layer: 0
  m_Name: Bip001 L Finger0
  m_TagString: Untagged
  m_Icon: {fileID: 0}
  m_NavMeshLayer: 0
  m_StaticEditorFlags: 0
  m_IsActive: 1
--- !u!4 &7464542221523339652
Transform:
  m_ObjectHideFlags: 0
  m_CorrespondingSourceObject: {fileID: 0}
  m_PrefabInstance: {fileID: 0}
  m_PrefabAsset: {fileID: 0}
  m_GameObject: {fileID: 7868277856139506681}
  m_LocalRotation: {x: -0.00039815909, y: 0.0000000037193568, z: 0.000000014902641, w: 0.99999994}
  m_LocalPosition: {x: -0.126316, y: 0, z: -0.000000004768372}
  m_LocalScale: {x: 1, y: 0.9999999, z: 0.9999999}
  m_Children:
  - {fileID: 1462257492568289857}
  m_Father: {fileID: 3220854762045689738}
  m_RootOrder: 0
  m_LocalEulerAnglesHint: {x: 0, y: 0, z: 0}
--- !u!1 &8642499885979835621
GameObject:
  m_ObjectHideFlags: 0
  m_CorrespondingSourceObject: {fileID: 0}
  m_PrefabInstance: {fileID: 0}
  m_PrefabAsset: {fileID: 0}
  serializedVersion: 6
  m_Component:
  - component: {fileID: 8987922031183840863}
  m_Layer: 0
  m_Name: TypeC@Rig
  m_TagString: Untagged
  m_Icon: {fileID: 0}
  m_NavMeshLayer: 0
  m_StaticEditorFlags: 0
  m_IsActive: 1
--- !u!4 &8987922031183840863
Transform:
  m_ObjectHideFlags: 0
  m_CorrespondingSourceObject: {fileID: 0}
  m_PrefabInstance: {fileID: 0}
  m_PrefabAsset: {fileID: 0}
  m_GameObject: {fileID: 8642499885979835621}
  m_LocalRotation: {x: 0, y: 0, z: 0, w: 1}
  m_LocalPosition: {x: 0, y: 0, z: 0}
  m_LocalScale: {x: 1, y: 1, z: 1}
  m_Children:
  - {fileID: 8090772892179592041}
  - {fileID: 1395979501135723240}
  m_Father: {fileID: 0}
  m_RootOrder: 0
  m_LocalEulerAnglesHint: {x: 0, y: 0, z: 0}
